%YAML 1.1
%TAG !u! tag:unity3d.com,2011:
--- !u!1 &8663243937730593898
GameObject:
  m_ObjectHideFlags: 0
  m_CorrespondingSourceObject: {fileID: 0}
  m_PrefabInstance: {fileID: 0}
  m_PrefabAsset: {fileID: 0}
  serializedVersion: 6
  m_Component:
  - component: {fileID: 8663243937730593897}
  - component: {fileID: 8663243937730593896}
  m_Layer: 0
  m_Name: GoblinAudioManager
  m_TagString: Untagged
  m_Icon: {fileID: 0}
  m_NavMeshLayer: 0
  m_StaticEditorFlags: 0
  m_IsActive: 1
--- !u!4 &8663243937730593897
Transform:
  m_ObjectHideFlags: 0
  m_CorrespondingSourceObject: {fileID: 0}
  m_PrefabInstance: {fileID: 0}
  m_PrefabAsset: {fileID: 0}
  m_GameObject: {fileID: 8663243937730593898}
  m_LocalRotation: {x: 0, y: 0, z: 0, w: 1}
  m_LocalPosition: {x: 0, y: 0, z: 0}
  m_LocalScale: {x: 1, y: 1, z: 1}
  m_ConstrainProportionsScale: 0
  m_Children:
  - {fileID: 8931100017386215827}
  - {fileID: 8931100017587471953}
  - {fileID: 8931100017611433686}
  - {fileID: 8931100017626261994}
  - {fileID: 8931100018295226406}
  - {fileID: 8931100017655398073}
  - {fileID: 8931100018617950175}
  - {fileID: 8931100017838185668}
  - {fileID: 8931100017501847166}
  - {fileID: 6521981764689087485}
  m_Father: {fileID: 0}
  m_RootOrder: 0
  m_LocalEulerAnglesHint: {x: 0, y: 0, z: 0}
--- !u!114 &8663243937730593896
MonoBehaviour:
  m_ObjectHideFlags: 0
  m_CorrespondingSourceObject: {fileID: 0}
  m_PrefabInstance: {fileID: 0}
  m_PrefabAsset: {fileID: 0}
  m_GameObject: {fileID: 8663243937730593898}
  m_Enabled: 1
  m_EditorHideFlags: 0
  m_Script: {fileID: 11500000, guid: 387f293747f3d5043af278776ff1ddce, type: 3}
  m_Name: 
  m_EditorClassIdentifier: 
  _goblinHammerChiselSource: {fileID: 4205987023351864286}
  _goblinPickaxeSource: {fileID: 4205987023687336988}
  _goblinHammerSource: {fileID: 4205987023711298715}
  _goblinHandDrillSource: {fileID: 4205987023625464743}
  _goblinJackhammerSource: {fileID: 4205987021979173483}
  _goblinMegaDrillSource: {fileID: 4205987023621045492}
  _goblinCircularSawSource: {fileID: 4205987022167678354}
  _goblinMergeTargetSource: {fileID: 4205987023971606153}
  _goblinMergeSuccessSource: {fileID: 4205987023232613427}
  _goblinVoiceSource: {fileID: 1958420495025981872}
  _goblinHammerChiselSound:
  - {fileID: 8300000, guid: 677e7515af2dba048a557b6ac648c7b6, type: 3}
  - {fileID: 8300000, guid: 4ecf53e2ac6a3a24c991abdc52b46674, type: 3}
  - {fileID: 8300000, guid: af84cf7fae110ab4db62543fc0b4ef20, type: 3}
  _goblinPickaxeSound:
  - {fileID: 8300000, guid: 0a373bbe160f6644f8203f0f38aea6ba, type: 3}
  - {fileID: 8300000, guid: 378b6cc0777d9ed4daeed8dd4a420e01, type: 3}
  - {fileID: 8300000, guid: 99659f7fa0588e140b2a4dea561eb137, type: 3}
  _goblinHammerSound:
  - {fileID: 8300000, guid: ab0224c6a53c45b47916ca357b83576e, type: 3}
  - {fileID: 8300000, guid: e561b68525a564145982bccd06551ad4, type: 3}
  - {fileID: 8300000, guid: 1c648fcecfd81564eaaa71e977572ba2, type: 3}
  _goblinHandDrillSound: {fileID: 8300000, guid: dd50fe612382b764088134e69926d8d6, type: 3}
  _goblinJackhammerSound: {fileID: 8300000, guid: 047a8f58281bcab47b8b298da69fa859, type: 3}
  _goblinMegaDrillSound: {fileID: 8300000, guid: 6ae51dc23c545784db5539145e21049d, type: 3}
  _goblinCircularSawSound: {fileID: 8300000, guid: becbb7bbe7524684d8443f890ba8c40d, type: 3}
  _goblinMergeTargetSound: {fileID: 8300000, guid: f6264d89e756cd345a8225c178905aea, type: 3}
  _goblinMergeSuccessSound: {fileID: 8300000, guid: d150e77781a90e144a55764eae052f06, type: 3}
  _goblinVoiceSoundSpawn:
  - {fileID: 8300000, guid: c8cca20f607df4e49a5d551ebda44ade, type: 3}
  - {fileID: 8300000, guid: 4ed92defe71c6f64b904243ff7f1fa96, type: 3}
  - {fileID: 8300000, guid: bed72a6be716c1f409b978f10f134617, type: 3}
  - {fileID: 8300000, guid: 6dbec3fd6160faa4891ec2af7cf8986b, type: 3}
  - {fileID: 8300000, guid: 92f0d7e30845ae4448aff589071e1fb1, type: 3}
  - {fileID: 8300000, guid: 6fac5f7ae48ee024c8206b83d3ceec9d, type: 3}
  - {fileID: 8300000, guid: c923993783ff1b84eb59862c3478c414, type: 3}
  - {fileID: 8300000, guid: eb0ae1fcff54728449011d9de461c385, type: 3}
  - {fileID: 8300000, guid: a6c590051355edd47b73ffb28c49bf0c, type: 3}
  - {fileID: 8300000, guid: c2c615d7f1446d24fa49f745877bb280, type: 3}
  - {fileID: 8300000, guid: 9781bd3127f4233459839e5655a5418b, type: 3}
  - {fileID: 8300000, guid: 26e2af4e6f9a8c44c91c43a88ff0ae7e, type: 3}
  - {fileID: 8300000, guid: 35a525532f216ef4081637f1f6ca2050, type: 3}
  - {fileID: 8300000, guid: 047775d5c0da75c4897b3ed206016b4c, type: 3}
  - {fileID: 8300000, guid: 0c4cb4c3afd307a48a5cb20f8f5a7ffd, type: 3}
  - {fileID: 8300000, guid: 9077915bc8caee24185149f19500eea0, type: 3}
  - {fileID: 8300000, guid: 2a7d1960deef7aa4ea124740aae96e04, type: 3}
  - {fileID: 8300000, guid: 1ed5b438725fdf3488a2f099a953c5dd, type: 3}
  - {fileID: 8300000, guid: 5be087ca43ab6834da60c9ef7df2eaf4, type: 3}
  - {fileID: 8300000, guid: 002bec3cf559ea143a44c602356e7fd3, type: 3}
  - {fileID: 8300000, guid: d4f8454eed284c442a2b70a7d092609a, type: 3}
  - {fileID: 8300000, guid: f48d524bc08368e4e8105b7087fda9e1, type: 3}
  - {fileID: 8300000, guid: 85f9280524585b146a81bdd14a27859e, type: 3}
  _goblinVoiceSoundDragging:
  - {fileID: 8300000, guid: 7e8705b74069d144294fb6c61639e780, type: 3}
  - {fileID: 8300000, guid: a8b0e3490f6517a408cd5fc07b54ece5, type: 3}
  - {fileID: 8300000, guid: fde026cfa181405418f5da2d82d1050c, type: 3}
  - {fileID: 8300000, guid: 4d1f6ac7406f4e14b992d5ff885da22a, type: 3}
  - {fileID: 8300000, guid: 91e6bf59ac12c1942bb178a3037f60ab, type: 3}
  - {fileID: 8300000, guid: c6fa495310ef8d14095c32e4c17f4bfb, type: 3}
  - {fileID: 8300000, guid: f9e6b89560758ae419aa179ea227a24e, type: 3}
  - {fileID: 8300000, guid: 44ef94f06f9438c4da1a4cbe556c62ab, type: 3}
  - {fileID: 8300000, guid: 4c33ba1be8b716540a02dd76430e1b8c, type: 3}
  - {fileID: 8300000, guid: 7d0b46b560e0e2646914a0092c934d2c, type: 3}
  - {fileID: 8300000, guid: 7b1c2883792632e4abefbef9403f0050, type: 3}
  - {fileID: 8300000, guid: 541966ee3159e294896709029796f68c, type: 3}
  - {fileID: 8300000, guid: d5163398304004d4e8c0055c3e1fd1be, type: 3}
  - {fileID: 8300000, guid: 0eebd6973fd690c45a59a19dc7c52cc6, type: 3}
  - {fileID: 8300000, guid: e489ff1e3057e92488d23f000e12a5a5, type: 3}
  - {fileID: 8300000, guid: 2fd1a1f2d140be64682c490063618de0, type: 3}
  - {fileID: 8300000, guid: 714f46e0834a39c49ae250a17f9781fa, type: 3}
  - {fileID: 8300000, guid: 39abf0d576a694240b116c0d46af6be3, type: 3}
  - {fileID: 8300000, guid: 5251d87bc4ea3f64ca8f400bffeff848, type: 3}
  - {fileID: 8300000, guid: 47db4e67698aea1459786c92ac5ae849, type: 3}
  - {fileID: 8300000, guid: cdd845aa89dbbc144bae164e7f9c4ba7, type: 3}
  - {fileID: 8300000, guid: 4ddb5b8c72b9ebd438577e33e973e045, type: 3}
  - {fileID: 8300000, guid: 32ce7ce9455afe54cb38619dbbb4e9db, type: 3}
  - {fileID: 8300000, guid: 9de3be3241442c74196da632d13a0d55, type: 3}
  - {fileID: 8300000, guid: 528c6ab762096664bab40fab0835e43c, type: 3}
  - {fileID: 8300000, guid: d69c679287fed4c4e94b3266557bed71, type: 3}
  - {fileID: 8300000, guid: 678d29e211e4cf643b8af3b9948c3d8a, type: 3}
  - {fileID: 8300000, guid: e663b259c5078ac44b9560c4edd48bd3, type: 3}
  - {fileID: 8300000, guid: 126197840f08f254fafa71c01ea5a01b, type: 3}
  - {fileID: 8300000, guid: 6bee08aedc0167e44ac91680a7fa4991, type: 3}
  - {fileID: 8300000, guid: f403aa1685fc3494c92a6ca962e9fb2a, type: 3}
  - {fileID: 8300000, guid: d4173c871ebd1754cb527c52684b441d, type: 3}
  - {fileID: 8300000, guid: d46f77be5fe332644bb6f9af3d4f7119, type: 3}
  - {fileID: 8300000, guid: 523650fafb7b809419be27d74b3fe5b9, type: 3}
  - {fileID: 8300000, guid: 83028a81c081e0d41aa0d7c782b359f2, type: 3}
--- !u!1001 &6433701648828603377
PrefabInstance:
  m_ObjectHideFlags: 0
  serializedVersion: 2
  m_Modification:
    m_TransformParent: {fileID: 8663243937730593897}
    m_Modifications:
    - target: {fileID: 273490683285229580, guid: 05266215c5cae7f4da53670fd2240e10, type: 3}
      propertyPath: m_RootOrder
      value: 9
      objectReference: {fileID: 0}
    - target: {fileID: 273490683285229580, guid: 05266215c5cae7f4da53670fd2240e10, type: 3}
      propertyPath: m_LocalPosition.x
      value: 0
      objectReference: {fileID: 0}
    - target: {fileID: 273490683285229580, guid: 05266215c5cae7f4da53670fd2240e10, type: 3}
      propertyPath: m_LocalPosition.y
      value: 0
      objectReference: {fileID: 0}
    - target: {fileID: 273490683285229580, guid: 05266215c5cae7f4da53670fd2240e10, type: 3}
      propertyPath: m_LocalPosition.z
      value: 0
      objectReference: {fileID: 0}
    - target: {fileID: 273490683285229580, guid: 05266215c5cae7f4da53670fd2240e10, type: 3}
      propertyPath: m_LocalRotation.w
      value: 1
      objectReference: {fileID: 0}
    - target: {fileID: 273490683285229580, guid: 05266215c5cae7f4da53670fd2240e10, type: 3}
      propertyPath: m_LocalRotation.x
      value: -0
      objectReference: {fileID: 0}
    - target: {fileID: 273490683285229580, guid: 05266215c5cae7f4da53670fd2240e10, type: 3}
      propertyPath: m_LocalRotation.y
      value: -0
      objectReference: {fileID: 0}
    - target: {fileID: 273490683285229580, guid: 05266215c5cae7f4da53670fd2240e10, type: 3}
      propertyPath: m_LocalRotation.z
      value: -0
      objectReference: {fileID: 0}
    - target: {fileID: 273490683285229580, guid: 05266215c5cae7f4da53670fd2240e10, type: 3}
      propertyPath: m_LocalEulerAnglesHint.x
      value: 0
      objectReference: {fileID: 0}
    - target: {fileID: 273490683285229580, guid: 05266215c5cae7f4da53670fd2240e10, type: 3}
      propertyPath: m_LocalEulerAnglesHint.y
      value: 0
      objectReference: {fileID: 0}
    - target: {fileID: 273490683285229580, guid: 05266215c5cae7f4da53670fd2240e10, type: 3}
      propertyPath: m_LocalEulerAnglesHint.z
      value: 0
      objectReference: {fileID: 0}
    - target: {fileID: 4772226581514940373, guid: 05266215c5cae7f4da53670fd2240e10, type: 3}
      propertyPath: m_Name
      value: GoblinVoiceSound
      objectReference: {fileID: 0}
    - target: {fileID: 4784138505751646785, guid: 05266215c5cae7f4da53670fd2240e10, type: 3}
      propertyPath: OutputAudioMixerGroup
      value: 
      objectReference: {fileID: 343909740841000068, guid: 75e460d5be6481d4c9f0dd76bb336bd8, type: 2}
    m_RemovedComponents: []
  m_SourcePrefab: {fileID: 100100000, guid: 05266215c5cae7f4da53670fd2240e10, type: 3}
--- !u!82 &1958420495025981872 stripped
AudioSource:
  m_CorrespondingSourceObject: {fileID: 4784138505751646785, guid: 05266215c5cae7f4da53670fd2240e10, type: 3}
  m_PrefabInstance: {fileID: 6433701648828603377}
  m_PrefabAsset: {fileID: 0}
--- !u!4 &6521981764689087485 stripped
Transform:
  m_CorrespondingSourceObject: {fileID: 273490683285229580, guid: 05266215c5cae7f4da53670fd2240e10, type: 3}
  m_PrefabInstance: {fileID: 6433701648828603377}
  m_PrefabAsset: {fileID: 0}
--- !u!1001 &8663243937305939923
PrefabInstance:
  m_ObjectHideFlags: 0
  serializedVersion: 2
  m_Modification:
    m_TransformParent: {fileID: 8663243937730593897}
    m_Modifications:
    - target: {fileID: 273490683285229580, guid: 05266215c5cae7f4da53670fd2240e10, type: 3}
      propertyPath: m_RootOrder
      value: 6
      objectReference: {fileID: 0}
    - target: {fileID: 273490683285229580, guid: 05266215c5cae7f4da53670fd2240e10, type: 3}
      propertyPath: m_LocalPosition.x
      value: 0
      objectReference: {fileID: 0}
    - target: {fileID: 273490683285229580, guid: 05266215c5cae7f4da53670fd2240e10, type: 3}
      propertyPath: m_LocalPosition.y
      value: 0
      objectReference: {fileID: 0}
    - target: {fileID: 273490683285229580, guid: 05266215c5cae7f4da53670fd2240e10, type: 3}
      propertyPath: m_LocalPosition.z
      value: 0
      objectReference: {fileID: 0}
    - target: {fileID: 273490683285229580, guid: 05266215c5cae7f4da53670fd2240e10, type: 3}
      propertyPath: m_LocalRotation.w
      value: 1
      objectReference: {fileID: 0}
    - target: {fileID: 273490683285229580, guid: 05266215c5cae7f4da53670fd2240e10, type: 3}
      propertyPath: m_LocalRotation.x
      value: -0
      objectReference: {fileID: 0}
    - target: {fileID: 273490683285229580, guid: 05266215c5cae7f4da53670fd2240e10, type: 3}
      propertyPath: m_LocalRotation.y
      value: -0
      objectReference: {fileID: 0}
    - target: {fileID: 273490683285229580, guid: 05266215c5cae7f4da53670fd2240e10, type: 3}
      propertyPath: m_LocalRotation.z
      value: -0
      objectReference: {fileID: 0}
    - target: {fileID: 273490683285229580, guid: 05266215c5cae7f4da53670fd2240e10, type: 3}
      propertyPath: m_LocalEulerAnglesHint.x
      value: 0
      objectReference: {fileID: 0}
    - target: {fileID: 273490683285229580, guid: 05266215c5cae7f4da53670fd2240e10, type: 3}
      propertyPath: m_LocalEulerAnglesHint.y
      value: 0
      objectReference: {fileID: 0}
    - target: {fileID: 273490683285229580, guid: 05266215c5cae7f4da53670fd2240e10, type: 3}
      propertyPath: m_LocalEulerAnglesHint.z
      value: 0
      objectReference: {fileID: 0}
    - target: {fileID: 4772226581514940373, guid: 05266215c5cae7f4da53670fd2240e10, type: 3}
      propertyPath: m_Name
      value: GoblinCircularSawSound
      objectReference: {fileID: 0}
    - target: {fileID: 4784138505751646785, guid: 05266215c5cae7f4da53670fd2240e10, type: 3}
      propertyPath: m_PlayOnAwake
      value: 0
      objectReference: {fileID: 0}
    - target: {fileID: 4784138505751646785, guid: 05266215c5cae7f4da53670fd2240e10, type: 3}
      propertyPath: OutputAudioMixerGroup
      value: 
      objectReference: {fileID: -1509592986667750981, guid: 75e460d5be6481d4c9f0dd76bb336bd8, type: 2}
    m_RemovedComponents: []
  m_SourcePrefab: {fileID: 100100000, guid: 05266215c5cae7f4da53670fd2240e10, type: 3}
--- !u!82 &4205987022167678354 stripped
AudioSource:
  m_CorrespondingSourceObject: {fileID: 4784138505751646785, guid: 05266215c5cae7f4da53670fd2240e10, type: 3}
  m_PrefabInstance: {fileID: 8663243937305939923}
  m_PrefabAsset: {fileID: 0}
--- !u!4 &8931100018617950175 stripped
Transform:
  m_CorrespondingSourceObject: {fileID: 273490683285229580, guid: 05266215c5cae7f4da53670fd2240e10, type: 3}
  m_PrefabInstance: {fileID: 8663243937305939923}
  m_PrefabAsset: {fileID: 0}
--- !u!1001 &8663243937502236714
PrefabInstance:
  m_ObjectHideFlags: 0
  serializedVersion: 2
  m_Modification:
    m_TransformParent: {fileID: 8663243937730593897}
    m_Modifications:
    - target: {fileID: 273490683285229580, guid: 05266215c5cae7f4da53670fd2240e10, type: 3}
      propertyPath: m_RootOrder
      value: 4
      objectReference: {fileID: 0}
    - target: {fileID: 273490683285229580, guid: 05266215c5cae7f4da53670fd2240e10, type: 3}
      propertyPath: m_LocalPosition.x
      value: 0
      objectReference: {fileID: 0}
    - target: {fileID: 273490683285229580, guid: 05266215c5cae7f4da53670fd2240e10, type: 3}
      propertyPath: m_LocalPosition.y
      value: 0
      objectReference: {fileID: 0}
    - target: {fileID: 273490683285229580, guid: 05266215c5cae7f4da53670fd2240e10, type: 3}
      propertyPath: m_LocalPosition.z
      value: 0
      objectReference: {fileID: 0}
    - target: {fileID: 273490683285229580, guid: 05266215c5cae7f4da53670fd2240e10, type: 3}
      propertyPath: m_LocalRotation.w
      value: 1
      objectReference: {fileID: 0}
    - target: {fileID: 273490683285229580, guid: 05266215c5cae7f4da53670fd2240e10, type: 3}
      propertyPath: m_LocalRotation.x
      value: -0
      objectReference: {fileID: 0}
    - target: {fileID: 273490683285229580, guid: 05266215c5cae7f4da53670fd2240e10, type: 3}
      propertyPath: m_LocalRotation.y
      value: -0
      objectReference: {fileID: 0}
    - target: {fileID: 273490683285229580, guid: 05266215c5cae7f4da53670fd2240e10, type: 3}
      propertyPath: m_LocalRotation.z
      value: -0
      objectReference: {fileID: 0}
    - target: {fileID: 273490683285229580, guid: 05266215c5cae7f4da53670fd2240e10, type: 3}
      propertyPath: m_LocalEulerAnglesHint.x
      value: 0
      objectReference: {fileID: 0}
    - target: {fileID: 273490683285229580, guid: 05266215c5cae7f4da53670fd2240e10, type: 3}
      propertyPath: m_LocalEulerAnglesHint.y
      value: 0
      objectReference: {fileID: 0}
    - target: {fileID: 273490683285229580, guid: 05266215c5cae7f4da53670fd2240e10, type: 3}
      propertyPath: m_LocalEulerAnglesHint.z
      value: 0
      objectReference: {fileID: 0}
    - target: {fileID: 4772226581514940373, guid: 05266215c5cae7f4da53670fd2240e10, type: 3}
      propertyPath: m_Name
      value: GoblinJackhammerSound
      objectReference: {fileID: 0}
    - target: {fileID: 4784138505751646785, guid: 05266215c5cae7f4da53670fd2240e10, type: 3}
      propertyPath: OutputAudioMixerGroup
      value: 
      objectReference: {fileID: 3042997135933968153, guid: 75e460d5be6481d4c9f0dd76bb336bd8, type: 2}
    m_RemovedComponents: []
  m_SourcePrefab: {fileID: 100100000, guid: 05266215c5cae7f4da53670fd2240e10, type: 3}
--- !u!82 &4205987021979173483 stripped
AudioSource:
  m_CorrespondingSourceObject: {fileID: 4784138505751646785, guid: 05266215c5cae7f4da53670fd2240e10, type: 3}
  m_PrefabInstance: {fileID: 8663243937502236714}
  m_PrefabAsset: {fileID: 0}
--- !u!4 &8931100018295226406 stripped
Transform:
  m_CorrespondingSourceObject: {fileID: 273490683285229580, guid: 05266215c5cae7f4da53670fd2240e10, type: 3}
  m_PrefabInstance: {fileID: 8663243937502236714}
  m_PrefabAsset: {fileID: 0}
--- !u!1001 &8663243938273036703
PrefabInstance:
  m_ObjectHideFlags: 0
  serializedVersion: 2
  m_Modification:
    m_TransformParent: {fileID: 8663243937730593897}
    m_Modifications:
    - target: {fileID: 273490683285229580, guid: 05266215c5cae7f4da53670fd2240e10, type: 3}
      propertyPath: m_RootOrder
      value: 0
      objectReference: {fileID: 0}
    - target: {fileID: 273490683285229580, guid: 05266215c5cae7f4da53670fd2240e10, type: 3}
      propertyPath: m_LocalPosition.x
      value: 0
      objectReference: {fileID: 0}
    - target: {fileID: 273490683285229580, guid: 05266215c5cae7f4da53670fd2240e10, type: 3}
      propertyPath: m_LocalPosition.y
      value: 0
      objectReference: {fileID: 0}
    - target: {fileID: 273490683285229580, guid: 05266215c5cae7f4da53670fd2240e10, type: 3}
      propertyPath: m_LocalPosition.z
      value: 0
      objectReference: {fileID: 0}
    - target: {fileID: 273490683285229580, guid: 05266215c5cae7f4da53670fd2240e10, type: 3}
      propertyPath: m_LocalRotation.w
      value: 1
      objectReference: {fileID: 0}
    - target: {fileID: 273490683285229580, guid: 05266215c5cae7f4da53670fd2240e10, type: 3}
      propertyPath: m_LocalRotation.x
      value: -0
      objectReference: {fileID: 0}
    - target: {fileID: 273490683285229580, guid: 05266215c5cae7f4da53670fd2240e10, type: 3}
      propertyPath: m_LocalRotation.y
      value: -0
      objectReference: {fileID: 0}
    - target: {fileID: 273490683285229580, guid: 05266215c5cae7f4da53670fd2240e10, type: 3}
      propertyPath: m_LocalRotation.z
      value: -0
      objectReference: {fileID: 0}
    - target: {fileID: 273490683285229580, guid: 05266215c5cae7f4da53670fd2240e10, type: 3}
      propertyPath: m_LocalEulerAnglesHint.x
      value: 0
      objectReference: {fileID: 0}
    - target: {fileID: 273490683285229580, guid: 05266215c5cae7f4da53670fd2240e10, type: 3}
      propertyPath: m_LocalEulerAnglesHint.y
      value: 0
      objectReference: {fileID: 0}
    - target: {fileID: 273490683285229580, guid: 05266215c5cae7f4da53670fd2240e10, type: 3}
      propertyPath: m_LocalEulerAnglesHint.z
      value: 0
      objectReference: {fileID: 0}
    - target: {fileID: 4772226581514940373, guid: 05266215c5cae7f4da53670fd2240e10, type: 3}
      propertyPath: m_Name
      value: 'GoblinHammerChiselSound '
      objectReference: {fileID: 0}
    - target: {fileID: 4784138505751646785, guid: 05266215c5cae7f4da53670fd2240e10, type: 3}
      propertyPath: m_PlayOnAwake
      value: 0
      objectReference: {fileID: 0}
    - target: {fileID: 4784138505751646785, guid: 05266215c5cae7f4da53670fd2240e10, type: 3}
      propertyPath: OutputAudioMixerGroup
      value: 
      objectReference: {fileID: -7554113534656703047, guid: 75e460d5be6481d4c9f0dd76bb336bd8, type: 2}
    m_RemovedComponents: []
  m_SourcePrefab: {fileID: 100100000, guid: 05266215c5cae7f4da53670fd2240e10, type: 3}
--- !u!82 &4205987023351864286 stripped
AudioSource:
  m_CorrespondingSourceObject: {fileID: 4784138505751646785, guid: 05266215c5cae7f4da53670fd2240e10, type: 3}
  m_PrefabInstance: {fileID: 8663243938273036703}
  m_PrefabAsset: {fileID: 0}
--- !u!4 &8931100017386215827 stripped
Transform:
  m_CorrespondingSourceObject: {fileID: 273490683285229580, guid: 05266215c5cae7f4da53670fd2240e10, type: 3}
  m_PrefabInstance: {fileID: 8663243938273036703}
  m_PrefabAsset: {fileID: 0}
--- !u!1001 &8663243938388700786
PrefabInstance:
  m_ObjectHideFlags: 0
  serializedVersion: 2
  m_Modification:
    m_TransformParent: {fileID: 8663243937730593897}
    m_Modifications:
    - target: {fileID: 273490683285229580, guid: 05266215c5cae7f4da53670fd2240e10, type: 3}
      propertyPath: m_RootOrder
      value: 8
      objectReference: {fileID: 0}
    - target: {fileID: 273490683285229580, guid: 05266215c5cae7f4da53670fd2240e10, type: 3}
      propertyPath: m_LocalPosition.x
      value: 0
      objectReference: {fileID: 0}
    - target: {fileID: 273490683285229580, guid: 05266215c5cae7f4da53670fd2240e10, type: 3}
      propertyPath: m_LocalPosition.y
      value: 0
      objectReference: {fileID: 0}
    - target: {fileID: 273490683285229580, guid: 05266215c5cae7f4da53670fd2240e10, type: 3}
      propertyPath: m_LocalPosition.z
      value: 0
      objectReference: {fileID: 0}
    - target: {fileID: 273490683285229580, guid: 05266215c5cae7f4da53670fd2240e10, type: 3}
      propertyPath: m_LocalRotation.w
      value: 1
      objectReference: {fileID: 0}
    - target: {fileID: 273490683285229580, guid: 05266215c5cae7f4da53670fd2240e10, type: 3}
      propertyPath: m_LocalRotation.x
      value: -0
      objectReference: {fileID: 0}
    - target: {fileID: 273490683285229580, guid: 05266215c5cae7f4da53670fd2240e10, type: 3}
      propertyPath: m_LocalRotation.y
      value: -0
      objectReference: {fileID: 0}
    - target: {fileID: 273490683285229580, guid: 05266215c5cae7f4da53670fd2240e10, type: 3}
      propertyPath: m_LocalRotation.z
      value: -0
      objectReference: {fileID: 0}
    - target: {fileID: 273490683285229580, guid: 05266215c5cae7f4da53670fd2240e10, type: 3}
      propertyPath: m_LocalEulerAnglesHint.x
      value: 0
      objectReference: {fileID: 0}
    - target: {fileID: 273490683285229580, guid: 05266215c5cae7f4da53670fd2240e10, type: 3}
      propertyPath: m_LocalEulerAnglesHint.y
      value: 0
      objectReference: {fileID: 0}
    - target: {fileID: 273490683285229580, guid: 05266215c5cae7f4da53670fd2240e10, type: 3}
      propertyPath: m_LocalEulerAnglesHint.z
      value: 0
      objectReference: {fileID: 0}
    - target: {fileID: 4772226581514940373, guid: 05266215c5cae7f4da53670fd2240e10, type: 3}
      propertyPath: m_Name
      value: GoblinMergeSuccessSound
      objectReference: {fileID: 0}
    - target: {fileID: 4784138505751646785, guid: 05266215c5cae7f4da53670fd2240e10, type: 3}
      propertyPath: OutputAudioMixerGroup
      value: 
      objectReference: {fileID: 2132700354754162064, guid: 75e460d5be6481d4c9f0dd76bb336bd8, type: 2}
    m_RemovedComponents: []
  m_SourcePrefab: {fileID: 100100000, guid: 05266215c5cae7f4da53670fd2240e10, type: 3}
--- !u!82 &4205987023232613427 stripped
AudioSource:
  m_CorrespondingSourceObject: {fileID: 4784138505751646785, guid: 05266215c5cae7f4da53670fd2240e10, type: 3}
  m_PrefabInstance: {fileID: 8663243938388700786}
  m_PrefabAsset: {fileID: 0}
--- !u!4 &8931100017501847166 stripped
Transform:
  m_CorrespondingSourceObject: {fileID: 273490683285229580, guid: 05266215c5cae7f4da53670fd2240e10, type: 3}
  m_PrefabInstance: {fileID: 8663243938388700786}
  m_PrefabAsset: {fileID: 0}
--- !u!1001 &8663243938722909384
PrefabInstance:
  m_ObjectHideFlags: 0
  serializedVersion: 2
  m_Modification:
    m_TransformParent: {fileID: 8663243937730593897}
    m_Modifications:
    - target: {fileID: 273490683285229580, guid: 05266215c5cae7f4da53670fd2240e10, type: 3}
      propertyPath: m_RootOrder
      value: 7
      objectReference: {fileID: 0}
    - target: {fileID: 273490683285229580, guid: 05266215c5cae7f4da53670fd2240e10, type: 3}
      propertyPath: m_LocalPosition.x
      value: 0
      objectReference: {fileID: 0}
    - target: {fileID: 273490683285229580, guid: 05266215c5cae7f4da53670fd2240e10, type: 3}
      propertyPath: m_LocalPosition.y
      value: 0
      objectReference: {fileID: 0}
    - target: {fileID: 273490683285229580, guid: 05266215c5cae7f4da53670fd2240e10, type: 3}
      propertyPath: m_LocalPosition.z
      value: 0
      objectReference: {fileID: 0}
    - target: {fileID: 273490683285229580, guid: 05266215c5cae7f4da53670fd2240e10, type: 3}
      propertyPath: m_LocalRotation.w
      value: 1
      objectReference: {fileID: 0}
    - target: {fileID: 273490683285229580, guid: 05266215c5cae7f4da53670fd2240e10, type: 3}
      propertyPath: m_LocalRotation.x
      value: -0
      objectReference: {fileID: 0}
    - target: {fileID: 273490683285229580, guid: 05266215c5cae7f4da53670fd2240e10, type: 3}
      propertyPath: m_LocalRotation.y
      value: -0
      objectReference: {fileID: 0}
    - target: {fileID: 273490683285229580, guid: 05266215c5cae7f4da53670fd2240e10, type: 3}
      propertyPath: m_LocalRotation.z
      value: -0
      objectReference: {fileID: 0}
    - target: {fileID: 273490683285229580, guid: 05266215c5cae7f4da53670fd2240e10, type: 3}
      propertyPath: m_LocalEulerAnglesHint.x
      value: 0
      objectReference: {fileID: 0}
    - target: {fileID: 273490683285229580, guid: 05266215c5cae7f4da53670fd2240e10, type: 3}
      propertyPath: m_LocalEulerAnglesHint.y
      value: 0
      objectReference: {fileID: 0}
    - target: {fileID: 273490683285229580, guid: 05266215c5cae7f4da53670fd2240e10, type: 3}
      propertyPath: m_LocalEulerAnglesHint.z
      value: 0
      objectReference: {fileID: 0}
    - target: {fileID: 4772226581514940373, guid: 05266215c5cae7f4da53670fd2240e10, type: 3}
      propertyPath: m_Name
      value: GoblinMergeTargetSound
      objectReference: {fileID: 0}
    - target: {fileID: 4784138505751646785, guid: 05266215c5cae7f4da53670fd2240e10, type: 3}
      propertyPath: OutputAudioMixerGroup
      value: 
      objectReference: {fileID: 4269611853730551927, guid: 75e460d5be6481d4c9f0dd76bb336bd8, type: 2}
    m_RemovedComponents: []
  m_SourcePrefab: {fileID: 100100000, guid: 05266215c5cae7f4da53670fd2240e10, type: 3}
--- !u!82 &4205987023971606153 stripped
AudioSource:
  m_CorrespondingSourceObject: {fileID: 4784138505751646785, guid: 05266215c5cae7f4da53670fd2240e10, type: 3}
  m_PrefabInstance: {fileID: 8663243938722909384}
  m_PrefabAsset: {fileID: 0}
--- !u!4 &8931100017838185668 stripped
Transform:
  m_CorrespondingSourceObject: {fileID: 273490683285229580, guid: 05266215c5cae7f4da53670fd2240e10, type: 3}
  m_PrefabInstance: {fileID: 8663243938722909384}
  m_PrefabAsset: {fileID: 0}
--- !u!1001 &8663243938983753434
PrefabInstance:
  m_ObjectHideFlags: 0
  serializedVersion: 2
  m_Modification:
    m_TransformParent: {fileID: 8663243937730593897}
    m_Modifications:
    - target: {fileID: 273490683285229580, guid: 05266215c5cae7f4da53670fd2240e10, type: 3}
      propertyPath: m_RootOrder
      value: 2
      objectReference: {fileID: 0}
    - target: {fileID: 273490683285229580, guid: 05266215c5cae7f4da53670fd2240e10, type: 3}
      propertyPath: m_LocalPosition.x
      value: 0
      objectReference: {fileID: 0}
    - target: {fileID: 273490683285229580, guid: 05266215c5cae7f4da53670fd2240e10, type: 3}
      propertyPath: m_LocalPosition.y
      value: 0
      objectReference: {fileID: 0}
    - target: {fileID: 273490683285229580, guid: 05266215c5cae7f4da53670fd2240e10, type: 3}
      propertyPath: m_LocalPosition.z
      value: 0
      objectReference: {fileID: 0}
    - target: {fileID: 273490683285229580, guid: 05266215c5cae7f4da53670fd2240e10, type: 3}
      propertyPath: m_LocalRotation.w
      value: 1
      objectReference: {fileID: 0}
    - target: {fileID: 273490683285229580, guid: 05266215c5cae7f4da53670fd2240e10, type: 3}
      propertyPath: m_LocalRotation.x
      value: -0
      objectReference: {fileID: 0}
    - target: {fileID: 273490683285229580, guid: 05266215c5cae7f4da53670fd2240e10, type: 3}
      propertyPath: m_LocalRotation.y
      value: -0
      objectReference: {fileID: 0}
    - target: {fileID: 273490683285229580, guid: 05266215c5cae7f4da53670fd2240e10, type: 3}
      propertyPath: m_LocalRotation.z
      value: -0
      objectReference: {fileID: 0}
    - target: {fileID: 273490683285229580, guid: 05266215c5cae7f4da53670fd2240e10, type: 3}
      propertyPath: m_LocalEulerAnglesHint.x
      value: 0
      objectReference: {fileID: 0}
    - target: {fileID: 273490683285229580, guid: 05266215c5cae7f4da53670fd2240e10, type: 3}
      propertyPath: m_LocalEulerAnglesHint.y
      value: 0
      objectReference: {fileID: 0}
    - target: {fileID: 273490683285229580, guid: 05266215c5cae7f4da53670fd2240e10, type: 3}
      propertyPath: m_LocalEulerAnglesHint.z
      value: 0
      objectReference: {fileID: 0}
    - target: {fileID: 4772226581514940373, guid: 05266215c5cae7f4da53670fd2240e10, type: 3}
      propertyPath: m_Name
      value: GoblinHammerSound
      objectReference: {fileID: 0}
    - target: {fileID: 4784138505751646785, guid: 05266215c5cae7f4da53670fd2240e10, type: 3}
      propertyPath: OutputAudioMixerGroup
      value: 
      objectReference: {fileID: 3452952157238656554, guid: 75e460d5be6481d4c9f0dd76bb336bd8, type: 2}
    m_RemovedComponents: []
  m_SourcePrefab: {fileID: 100100000, guid: 05266215c5cae7f4da53670fd2240e10, type: 3}
--- !u!82 &4205987023711298715 stripped
AudioSource:
  m_CorrespondingSourceObject: {fileID: 4784138505751646785, guid: 05266215c5cae7f4da53670fd2240e10, type: 3}
  m_PrefabInstance: {fileID: 8663243938983753434}
  m_PrefabAsset: {fileID: 0}
--- !u!4 &8931100017611433686 stripped
Transform:
  m_CorrespondingSourceObject: {fileID: 273490683285229580, guid: 05266215c5cae7f4da53670fd2240e10, type: 3}
  m_PrefabInstance: {fileID: 8663243938983753434}
  m_PrefabAsset: {fileID: 0}
--- !u!1001 &8663243939011171933
PrefabInstance:
  m_ObjectHideFlags: 0
  serializedVersion: 2
  m_Modification:
    m_TransformParent: {fileID: 8663243937730593897}
    m_Modifications:
    - target: {fileID: 273490683285229580, guid: 05266215c5cae7f4da53670fd2240e10, type: 3}
      propertyPath: m_RootOrder
      value: 1
      objectReference: {fileID: 0}
    - target: {fileID: 273490683285229580, guid: 05266215c5cae7f4da53670fd2240e10, type: 3}
      propertyPath: m_LocalPosition.x
      value: 0
      objectReference: {fileID: 0}
    - target: {fileID: 273490683285229580, guid: 05266215c5cae7f4da53670fd2240e10, type: 3}
      propertyPath: m_LocalPosition.y
      value: 0
      objectReference: {fileID: 0}
    - target: {fileID: 273490683285229580, guid: 05266215c5cae7f4da53670fd2240e10, type: 3}
      propertyPath: m_LocalPosition.z
      value: 0
      objectReference: {fileID: 0}
    - target: {fileID: 273490683285229580, guid: 05266215c5cae7f4da53670fd2240e10, type: 3}
      propertyPath: m_LocalRotation.w
      value: 1
      objectReference: {fileID: 0}
    - target: {fileID: 273490683285229580, guid: 05266215c5cae7f4da53670fd2240e10, type: 3}
      propertyPath: m_LocalRotation.x
      value: -0
      objectReference: {fileID: 0}
    - target: {fileID: 273490683285229580, guid: 05266215c5cae7f4da53670fd2240e10, type: 3}
      propertyPath: m_LocalRotation.y
      value: -0
      objectReference: {fileID: 0}
    - target: {fileID: 273490683285229580, guid: 05266215c5cae7f4da53670fd2240e10, type: 3}
      propertyPath: m_LocalRotation.z
      value: -0
      objectReference: {fileID: 0}
    - target: {fileID: 273490683285229580, guid: 05266215c5cae7f4da53670fd2240e10, type: 3}
      propertyPath: m_LocalEulerAnglesHint.x
      value: 0
      objectReference: {fileID: 0}
    - target: {fileID: 273490683285229580, guid: 05266215c5cae7f4da53670fd2240e10, type: 3}
      propertyPath: m_LocalEulerAnglesHint.y
      value: 0
      objectReference: {fileID: 0}
    - target: {fileID: 273490683285229580, guid: 05266215c5cae7f4da53670fd2240e10, type: 3}
      propertyPath: m_LocalEulerAnglesHint.z
      value: 0
      objectReference: {fileID: 0}
    - target: {fileID: 4772226581514940373, guid: 05266215c5cae7f4da53670fd2240e10, type: 3}
      propertyPath: m_Name
      value: GoblinPickaxeSound
      objectReference: {fileID: 0}
    - target: {fileID: 4784138505751646785, guid: 05266215c5cae7f4da53670fd2240e10, type: 3}
      propertyPath: OutputAudioMixerGroup
      value: 
      objectReference: {fileID: 4721957776386207143, guid: 75e460d5be6481d4c9f0dd76bb336bd8, type: 2}
    m_RemovedComponents: []
  m_SourcePrefab: {fileID: 100100000, guid: 05266215c5cae7f4da53670fd2240e10, type: 3}
--- !u!82 &4205987023687336988 stripped
AudioSource:
  m_CorrespondingSourceObject: {fileID: 4784138505751646785, guid: 05266215c5cae7f4da53670fd2240e10, type: 3}
  m_PrefabInstance: {fileID: 8663243939011171933}
  m_PrefabAsset: {fileID: 0}
--- !u!4 &8931100017587471953 stripped
Transform:
  m_CorrespondingSourceObject: {fileID: 273490683285229580, guid: 05266215c5cae7f4da53670fd2240e10, type: 3}
  m_PrefabInstance: {fileID: 8663243939011171933}
  m_PrefabAsset: {fileID: 0}
--- !u!1001 &8663243939064674790
PrefabInstance:
  m_ObjectHideFlags: 0
  serializedVersion: 2
  m_Modification:
    m_TransformParent: {fileID: 8663243937730593897}
    m_Modifications:
    - target: {fileID: 273490683285229580, guid: 05266215c5cae7f4da53670fd2240e10, type: 3}
      propertyPath: m_RootOrder
      value: 3
      objectReference: {fileID: 0}
    - target: {fileID: 273490683285229580, guid: 05266215c5cae7f4da53670fd2240e10, type: 3}
      propertyPath: m_LocalPosition.x
      value: 0
      objectReference: {fileID: 0}
    - target: {fileID: 273490683285229580, guid: 05266215c5cae7f4da53670fd2240e10, type: 3}
      propertyPath: m_LocalPosition.y
      value: 0
      objectReference: {fileID: 0}
    - target: {fileID: 273490683285229580, guid: 05266215c5cae7f4da53670fd2240e10, type: 3}
      propertyPath: m_LocalPosition.z
      value: 0
      objectReference: {fileID: 0}
    - target: {fileID: 273490683285229580, guid: 05266215c5cae7f4da53670fd2240e10, type: 3}
      propertyPath: m_LocalRotation.w
      value: 1
      objectReference: {fileID: 0}
    - target: {fileID: 273490683285229580, guid: 05266215c5cae7f4da53670fd2240e10, type: 3}
      propertyPath: m_LocalRotation.x
      value: -0
      objectReference: {fileID: 0}
    - target: {fileID: 273490683285229580, guid: 05266215c5cae7f4da53670fd2240e10, type: 3}
      propertyPath: m_LocalRotation.y
      value: -0
      objectReference: {fileID: 0}
    - target: {fileID: 273490683285229580, guid: 05266215c5cae7f4da53670fd2240e10, type: 3}
      propertyPath: m_LocalRotation.z
      value: -0
      objectReference: {fileID: 0}
    - target: {fileID: 273490683285229580, guid: 05266215c5cae7f4da53670fd2240e10, type: 3}
      propertyPath: m_LocalEulerAnglesHint.x
      value: 0
      objectReference: {fileID: 0}
    - target: {fileID: 273490683285229580, guid: 05266215c5cae7f4da53670fd2240e10, type: 3}
      propertyPath: m_LocalEulerAnglesHint.y
      value: 0
      objectReference: {fileID: 0}
    - target: {fileID: 273490683285229580, guid: 05266215c5cae7f4da53670fd2240e10, type: 3}
      propertyPath: m_LocalEulerAnglesHint.z
      value: 0
      objectReference: {fileID: 0}
    - target: {fileID: 4772226581514940373, guid: 05266215c5cae7f4da53670fd2240e10, type: 3}
      propertyPath: m_Name
      value: GoblinHandDrillSound
      objectReference: {fileID: 0}
    - target: {fileID: 4784138505751646785, guid: 05266215c5cae7f4da53670fd2240e10, type: 3}
      propertyPath: m_PlayOnAwake
      value: 0
      objectReference: {fileID: 0}
    - target: {fileID: 4784138505751646785, guid: 05266215c5cae7f4da53670fd2240e10, type: 3}
      propertyPath: OutputAudioMixerGroup
      value: 
      objectReference: {fileID: 1625910309073497830, guid: 75e460d5be6481d4c9f0dd76bb336bd8, type: 2}
    m_RemovedComponents: []
  m_SourcePrefab: {fileID: 100100000, guid: 05266215c5cae7f4da53670fd2240e10, type: 3}
--- !u!82 &4205987023625464743 stripped
AudioSource:
  m_CorrespondingSourceObject: {fileID: 4784138505751646785, guid: 05266215c5cae7f4da53670fd2240e10, type: 3}
  m_PrefabInstance: {fileID: 8663243939064674790}
  m_PrefabAsset: {fileID: 0}
--- !u!4 &8931100017626261994 stripped
Transform:
  m_CorrespondingSourceObject: {fileID: 273490683285229580, guid: 05266215c5cae7f4da53670fd2240e10, type: 3}
  m_PrefabInstance: {fileID: 8663243939064674790}
  m_PrefabAsset: {fileID: 0}
--- !u!1001 &8663243939078074037
PrefabInstance:
  m_ObjectHideFlags: 0
  serializedVersion: 2
  m_Modification:
    m_TransformParent: {fileID: 8663243937730593897}
    m_Modifications:
    - target: {fileID: 273490683285229580, guid: 05266215c5cae7f4da53670fd2240e10, type: 3}
      propertyPath: m_RootOrder
      value: 5
      objectReference: {fileID: 0}
    - target: {fileID: 273490683285229580, guid: 05266215c5cae7f4da53670fd2240e10, type: 3}
      propertyPath: m_LocalPosition.x
      value: 0
      objectReference: {fileID: 0}
    - target: {fileID: 273490683285229580, guid: 05266215c5cae7f4da53670fd2240e10, type: 3}
      propertyPath: m_LocalPosition.y
      value: 0
      objectReference: {fileID: 0}
    - target: {fileID: 273490683285229580, guid: 05266215c5cae7f4da53670fd2240e10, type: 3}
      propertyPath: m_LocalPosition.z
      value: 0
      objectReference: {fileID: 0}
    - target: {fileID: 273490683285229580, guid: 05266215c5cae7f4da53670fd2240e10, type: 3}
      propertyPath: m_LocalRotation.w
      value: 1
      objectReference: {fileID: 0}
    - target: {fileID: 273490683285229580, guid: 05266215c5cae7f4da53670fd2240e10, type: 3}
      propertyPath: m_LocalRotation.x
      value: -0
      objectReference: {fileID: 0}
    - target: {fileID: 273490683285229580, guid: 05266215c5cae7f4da53670fd2240e10, type: 3}
      propertyPath: m_LocalRotation.y
      value: -0
      objectReference: {fileID: 0}
    - target: {fileID: 273490683285229580, guid: 05266215c5cae7f4da53670fd2240e10, type: 3}
      propertyPath: m_LocalRotation.z
      value: -0
      objectReference: {fileID: 0}
    - target: {fileID: 273490683285229580, guid: 05266215c5cae7f4da53670fd2240e10, type: 3}
      propertyPath: m_LocalEulerAnglesHint.x
      value: 0
      objectReference: {fileID: 0}
    - target: {fileID: 273490683285229580, guid: 05266215c5cae7f4da53670fd2240e10, type: 3}
      propertyPath: m_LocalEulerAnglesHint.y
      value: 0
      objectReference: {fileID: 0}
    - target: {fileID: 273490683285229580, guid: 05266215c5cae7f4da53670fd2240e10, type: 3}
      propertyPath: m_LocalEulerAnglesHint.z
      value: 0
      objectReference: {fileID: 0}
    - target: {fileID: 4772226581514940373, guid: 05266215c5cae7f4da53670fd2240e10, type: 3}
      propertyPath: m_Name
      value: GoblinMegaDrillSound
      objectReference: {fileID: 0}
    - target: {fileID: 4784138505751646785, guid: 05266215c5cae7f4da53670fd2240e10, type: 3}
      propertyPath: OutputAudioMixerGroup
      value: 
      objectReference: {fileID: 5064571981364706518, guid: 75e460d5be6481d4c9f0dd76bb336bd8, type: 2}
    m_RemovedComponents: []
  m_SourcePrefab: {fileID: 100100000, guid: 05266215c5cae7f4da53670fd2240e10, type: 3}
--- !u!82 &4205987023621045492 stripped
AudioSource:
  m_CorrespondingSourceObject: {fileID: 4784138505751646785, guid: 05266215c5cae7f4da53670fd2240e10, type: 3}
  m_PrefabInstance: {fileID: 8663243939078074037}
  m_PrefabAsset: {fileID: 0}
--- !u!4 &8931100017655398073 stripped
Transform:
  m_CorrespondingSourceObject: {fileID: 273490683285229580, guid: 05266215c5cae7f4da53670fd2240e10, type: 3}
  m_PrefabInstance: {fileID: 8663243939078074037}
  m_PrefabAsset: {fileID: 0}
