%YAML 1.1
%TAG !u! tag:unity3d.com,2011:
--- !u!1 &1058432877715226097
GameObject:
  m_ObjectHideFlags: 0
  m_CorrespondingSourceObject: {fileID: 0}
  m_PrefabInstance: {fileID: 0}
  m_PrefabAsset: {fileID: 0}
  serializedVersion: 6
  m_Component:
  - component: {fileID: 1058432877715226103}
  - component: {fileID: 1058432877715226102}
  m_Layer: 0
  m_Name: UIAudioManager
  m_TagString: Untagged
  m_Icon: {fileID: 0}
  m_NavMeshLayer: 0
  m_StaticEditorFlags: 0
  m_IsActive: 1
--- !u!4 &1058432877715226103
Transform:
  m_ObjectHideFlags: 0
  m_CorrespondingSourceObject: {fileID: 0}
  m_PrefabInstance: {fileID: 0}
  m_PrefabAsset: {fileID: 0}
  m_GameObject: {fileID: 1058432877715226097}
  m_LocalRotation: {x: 0, y: 0, z: 0, w: 1}
  m_LocalPosition: {x: 0, y: 0, z: 0}
  m_LocalScale: {x: 1, y: 1, z: 1}
  m_ConstrainProportionsScale: 0
  m_Children:
  - {fileID: 971631054315795994}
  - {fileID: 971631054228287116}
  - {fileID: 2359673394112687657}
  - {fileID: 8194692665162146770}
  m_Father: {fileID: 0}
  m_RootOrder: 0
  m_LocalEulerAnglesHint: {x: 0, y: 0, z: 0}
--- !u!114 &1058432877715226102
MonoBehaviour:
  m_ObjectHideFlags: 0
  m_CorrespondingSourceObject: {fileID: 0}
  m_PrefabInstance: {fileID: 0}
  m_PrefabAsset: {fileID: 0}
  m_GameObject: {fileID: 1058432877715226097}
  m_Enabled: 1
  m_EditorHideFlags: 0
  m_Script: {fileID: 11500000, guid: 87b05b2d5fe45fd4baf2d2cd3045a14c, type: 3}
  m_Name: 
  m_EditorClassIdentifier: 
  _clickSource: {fileID: 5536300013190853719}
  _swooshSource: {fileID: 5536300013271116993}
  _barrelSpawnSource: {fileID: 3465074901155389855}
  _clickSound: {fileID: 8300000, guid: 3590c38f45e403146b709adf3bbb35e7, type: 3}
  _swooshSound:
  - {fileID: 8300000, guid: 396ac82aa47eda34ca83815152268879, type: 3}
  - {fileID: 8300000, guid: 1f5079034f130fa428206628a4cab893, type: 3}
  _barrelSpawnSound: {fileID: 8300000, guid: f858218aebe322e49a184cce9aa787b9, type: 3}
--- !u!1001 &1058432877242072704
PrefabInstance:
  m_ObjectHideFlags: 0
  serializedVersion: 2
  m_Modification:
    m_TransformParent: {fileID: 1058432877715226103}
    m_Modifications:
    - target: {fileID: 273490683285229580, guid: 05266215c5cae7f4da53670fd2240e10, type: 3}
      propertyPath: m_RootOrder
      value: 1
      objectReference: {fileID: 0}
    - target: {fileID: 273490683285229580, guid: 05266215c5cae7f4da53670fd2240e10, type: 3}
      propertyPath: m_LocalPosition.x
      value: 0
      objectReference: {fileID: 0}
    - target: {fileID: 273490683285229580, guid: 05266215c5cae7f4da53670fd2240e10, type: 3}
      propertyPath: m_LocalPosition.y
      value: 0
      objectReference: {fileID: 0}
    - target: {fileID: 273490683285229580, guid: 05266215c5cae7f4da53670fd2240e10, type: 3}
      propertyPath: m_LocalPosition.z
      value: 0
      objectReference: {fileID: 0}
    - target: {fileID: 273490683285229580, guid: 05266215c5cae7f4da53670fd2240e10, type: 3}
      propertyPath: m_LocalRotation.w
      value: 1
      objectReference: {fileID: 0}
    - target: {fileID: 273490683285229580, guid: 05266215c5cae7f4da53670fd2240e10, type: 3}
      propertyPath: m_LocalRotation.x
      value: -0
      objectReference: {fileID: 0}
    - target: {fileID: 273490683285229580, guid: 05266215c5cae7f4da53670fd2240e10, type: 3}
      propertyPath: m_LocalRotation.y
      value: -0
      objectReference: {fileID: 0}
    - target: {fileID: 273490683285229580, guid: 05266215c5cae7f4da53670fd2240e10, type: 3}
      propertyPath: m_LocalRotation.z
      value: -0
      objectReference: {fileID: 0}
    - target: {fileID: 273490683285229580, guid: 05266215c5cae7f4da53670fd2240e10, type: 3}
      propertyPath: m_LocalEulerAnglesHint.x
      value: 0
      objectReference: {fileID: 0}
    - target: {fileID: 273490683285229580, guid: 05266215c5cae7f4da53670fd2240e10, type: 3}
      propertyPath: m_LocalEulerAnglesHint.y
      value: 0
      objectReference: {fileID: 0}
    - target: {fileID: 273490683285229580, guid: 05266215c5cae7f4da53670fd2240e10, type: 3}
      propertyPath: m_LocalEulerAnglesHint.z
      value: 0
      objectReference: {fileID: 0}
    - target: {fileID: 4772226581514940373, guid: 05266215c5cae7f4da53670fd2240e10, type: 3}
      propertyPath: m_Name
      value: SwooshSound
      objectReference: {fileID: 0}
    - target: {fileID: 4784138505751646785, guid: 05266215c5cae7f4da53670fd2240e10, type: 3}
      propertyPath: m_PlayOnAwake
      value: 0
      objectReference: {fileID: 0}
    - target: {fileID: 4784138505751646785, guid: 05266215c5cae7f4da53670fd2240e10, type: 3}
      propertyPath: OutputAudioMixerGroup
      value: 
      objectReference: {fileID: -6859801892039639977, guid: 75e460d5be6481d4c9f0dd76bb336bd8, type: 2}
    m_RemovedComponents: []
  m_SourcePrefab: {fileID: 100100000, guid: 05266215c5cae7f4da53670fd2240e10, type: 3}
--- !u!4 &971631054228287116 stripped
Transform:
  m_CorrespondingSourceObject: {fileID: 273490683285229580, guid: 05266215c5cae7f4da53670fd2240e10, type: 3}
  m_PrefabInstance: {fileID: 1058432877242072704}
  m_PrefabAsset: {fileID: 0}
--- !u!82 &5536300013271116993 stripped
AudioSource:
  m_CorrespondingSourceObject: {fileID: 4784138505751646785, guid: 05266215c5cae7f4da53670fd2240e10, type: 3}
  m_PrefabInstance: {fileID: 1058432877242072704}
  m_PrefabAsset: {fileID: 0}
--- !u!1001 &1058432877326460438
PrefabInstance:
  m_ObjectHideFlags: 0
  serializedVersion: 2
  m_Modification:
    m_TransformParent: {fileID: 1058432877715226103}
    m_Modifications:
    - target: {fileID: 273490683285229580, guid: 05266215c5cae7f4da53670fd2240e10, type: 3}
      propertyPath: m_RootOrder
      value: 0
      objectReference: {fileID: 0}
    - target: {fileID: 273490683285229580, guid: 05266215c5cae7f4da53670fd2240e10, type: 3}
      propertyPath: m_LocalPosition.x
      value: 0
      objectReference: {fileID: 0}
    - target: {fileID: 273490683285229580, guid: 05266215c5cae7f4da53670fd2240e10, type: 3}
      propertyPath: m_LocalPosition.y
      value: 0
      objectReference: {fileID: 0}
    - target: {fileID: 273490683285229580, guid: 05266215c5cae7f4da53670fd2240e10, type: 3}
      propertyPath: m_LocalPosition.z
      value: 0
      objectReference: {fileID: 0}
    - target: {fileID: 273490683285229580, guid: 05266215c5cae7f4da53670fd2240e10, type: 3}
      propertyPath: m_LocalRotation.w
      value: 1
      objectReference: {fileID: 0}
    - target: {fileID: 273490683285229580, guid: 05266215c5cae7f4da53670fd2240e10, type: 3}
      propertyPath: m_LocalRotation.x
      value: -0
      objectReference: {fileID: 0}
    - target: {fileID: 273490683285229580, guid: 05266215c5cae7f4da53670fd2240e10, type: 3}
      propertyPath: m_LocalRotation.y
      value: -0
      objectReference: {fileID: 0}
    - target: {fileID: 273490683285229580, guid: 05266215c5cae7f4da53670fd2240e10, type: 3}
      propertyPath: m_LocalRotation.z
      value: -0
      objectReference: {fileID: 0}
    - target: {fileID: 273490683285229580, guid: 05266215c5cae7f4da53670fd2240e10, type: 3}
      propertyPath: m_LocalEulerAnglesHint.x
      value: 0
      objectReference: {fileID: 0}
    - target: {fileID: 273490683285229580, guid: 05266215c5cae7f4da53670fd2240e10, type: 3}
      propertyPath: m_LocalEulerAnglesHint.y
      value: 0
      objectReference: {fileID: 0}
    - target: {fileID: 273490683285229580, guid: 05266215c5cae7f4da53670fd2240e10, type: 3}
      propertyPath: m_LocalEulerAnglesHint.z
      value: 0
      objectReference: {fileID: 0}
    - target: {fileID: 4772226581514940373, guid: 05266215c5cae7f4da53670fd2240e10, type: 3}
      propertyPath: m_Name
      value: ClickSound
      objectReference: {fileID: 0}
    - target: {fileID: 4784138505751646785, guid: 05266215c5cae7f4da53670fd2240e10, type: 3}
      propertyPath: m_audioClip
      value: 
      objectReference: {fileID: 0}
    - target: {fileID: 4784138505751646785, guid: 05266215c5cae7f4da53670fd2240e10, type: 3}
      propertyPath: m_PlayOnAwake
      value: 0
      objectReference: {fileID: 0}
    - target: {fileID: 4784138505751646785, guid: 05266215c5cae7f4da53670fd2240e10, type: 3}
      propertyPath: OutputAudioMixerGroup
      value: 
      objectReference: {fileID: 7644896264934949690, guid: 75e460d5be6481d4c9f0dd76bb336bd8, type: 2}
    m_RemovedComponents: []
  m_SourcePrefab: {fileID: 100100000, guid: 05266215c5cae7f4da53670fd2240e10, type: 3}
--- !u!4 &971631054315795994 stripped
Transform:
  m_CorrespondingSourceObject: {fileID: 273490683285229580, guid: 05266215c5cae7f4da53670fd2240e10, type: 3}
  m_PrefabInstance: {fileID: 1058432877326460438}
  m_PrefabAsset: {fileID: 0}
--- !u!82 &5536300013190853719 stripped
AudioSource:
  m_CorrespondingSourceObject: {fileID: 4784138505751646785, guid: 05266215c5cae7f4da53670fd2240e10, type: 3}
  m_PrefabInstance: {fileID: 1058432877326460438}
  m_PrefabAsset: {fileID: 0}
--- !u!1001 &2554838554049953317
PrefabInstance:
  m_ObjectHideFlags: 0
  serializedVersion: 2
  m_Modification:
    m_TransformParent: {fileID: 1058432877715226103}
    m_Modifications:
    - target: {fileID: 273490683285229580, guid: 05266215c5cae7f4da53670fd2240e10, type: 3}
      propertyPath: m_RootOrder
      value: 2
      objectReference: {fileID: 0}
    - target: {fileID: 273490683285229580, guid: 05266215c5cae7f4da53670fd2240e10, type: 3}
      propertyPath: m_LocalPosition.x
      value: 0
      objectReference: {fileID: 0}
    - target: {fileID: 273490683285229580, guid: 05266215c5cae7f4da53670fd2240e10, type: 3}
      propertyPath: m_LocalPosition.y
      value: 0
      objectReference: {fileID: 0}
    - target: {fileID: 273490683285229580, guid: 05266215c5cae7f4da53670fd2240e10, type: 3}
      propertyPath: m_LocalPosition.z
      value: 0
      objectReference: {fileID: 0}
    - target: {fileID: 273490683285229580, guid: 05266215c5cae7f4da53670fd2240e10, type: 3}
      propertyPath: m_LocalRotation.w
      value: 1
      objectReference: {fileID: 0}
    - target: {fileID: 273490683285229580, guid: 05266215c5cae7f4da53670fd2240e10, type: 3}
      propertyPath: m_LocalRotation.x
      value: -0
      objectReference: {fileID: 0}
    - target: {fileID: 273490683285229580, guid: 05266215c5cae7f4da53670fd2240e10, type: 3}
      propertyPath: m_LocalRotation.y
      value: -0
      objectReference: {fileID: 0}
    - target: {fileID: 273490683285229580, guid: 05266215c5cae7f4da53670fd2240e10, type: 3}
      propertyPath: m_LocalRotation.z
      value: -0
      objectReference: {fileID: 0}
    - target: {fileID: 273490683285229580, guid: 05266215c5cae7f4da53670fd2240e10, type: 3}
      propertyPath: m_LocalEulerAnglesHint.x
      value: 0
      objectReference: {fileID: 0}
    - target: {fileID: 273490683285229580, guid: 05266215c5cae7f4da53670fd2240e10, type: 3}
      propertyPath: m_LocalEulerAnglesHint.y
      value: 0
      objectReference: {fileID: 0}
    - target: {fileID: 273490683285229580, guid: 05266215c5cae7f4da53670fd2240e10, type: 3}
      propertyPath: m_LocalEulerAnglesHint.z
      value: 0
      objectReference: {fileID: 0}
    - target: {fileID: 4772226581514940373, guid: 05266215c5cae7f4da53670fd2240e10, type: 3}
      propertyPath: m_Name
      value: MortarShotSound
      objectReference: {fileID: 0}
    - target: {fileID: 4784138505751646785, guid: 05266215c5cae7f4da53670fd2240e10, type: 3}
      propertyPath: m_audioClip
      value: 
      objectReference: {fileID: 0}
    - target: {fileID: 4784138505751646785, guid: 05266215c5cae7f4da53670fd2240e10, type: 3}
      propertyPath: m_PlayOnAwake
      value: 0
      objectReference: {fileID: 0}
    - target: {fileID: 4784138505751646785, guid: 05266215c5cae7f4da53670fd2240e10, type: 3}
      propertyPath: OutputAudioMixerGroup
      value: 
      objectReference: {fileID: 5703038581075659579, guid: 75e460d5be6481d4c9f0dd76bb336bd8, type: 2}
    m_RemovedComponents: []
  m_SourcePrefab: {fileID: 100100000, guid: 05266215c5cae7f4da53670fd2240e10, type: 3}
--- !u!4 &2359673394112687657 stripped
Transform:
  m_CorrespondingSourceObject: {fileID: 273490683285229580, guid: 05266215c5cae7f4da53670fd2240e10, type: 3}
  m_PrefabInstance: {fileID: 2554838554049953317}
  m_PrefabAsset: {fileID: 0}
--- !u!1001 &8246873615726113758
PrefabInstance:
  m_ObjectHideFlags: 0
  serializedVersion: 2
  m_Modification:
    m_TransformParent: {fileID: 1058432877715226103}
    m_Modifications:
    - target: {fileID: 273490683285229580, guid: 05266215c5cae7f4da53670fd2240e10, type: 3}
      propertyPath: m_RootOrder
      value: 3
      objectReference: {fileID: 0}
    - target: {fileID: 273490683285229580, guid: 05266215c5cae7f4da53670fd2240e10, type: 3}
      propertyPath: m_LocalPosition.x
      value: 0
      objectReference: {fileID: 0}
    - target: {fileID: 273490683285229580, guid: 05266215c5cae7f4da53670fd2240e10, type: 3}
      propertyPath: m_LocalPosition.y
      value: 0
      objectReference: {fileID: 0}
    - target: {fileID: 273490683285229580, guid: 05266215c5cae7f4da53670fd2240e10, type: 3}
      propertyPath: m_LocalPosition.z
      value: 0
      objectReference: {fileID: 0}
    - target: {fileID: 273490683285229580, guid: 05266215c5cae7f4da53670fd2240e10, type: 3}
      propertyPath: m_LocalRotation.w
      value: 1
      objectReference: {fileID: 0}
    - target: {fileID: 273490683285229580, guid: 05266215c5cae7f4da53670fd2240e10, type: 3}
      propertyPath: m_LocalRotation.x
      value: -0
      objectReference: {fileID: 0}
    - target: {fileID: 273490683285229580, guid: 05266215c5cae7f4da53670fd2240e10, type: 3}
      propertyPath: m_LocalRotation.y
      value: -0
      objectReference: {fileID: 0}
    - target: {fileID: 273490683285229580, guid: 05266215c5cae7f4da53670fd2240e10, type: 3}
      propertyPath: m_LocalRotation.z
      value: -0
      objectReference: {fileID: 0}
    - target: {fileID: 273490683285229580, guid: 05266215c5cae7f4da53670fd2240e10, type: 3}
      propertyPath: m_LocalEulerAnglesHint.x
      value: 0
      objectReference: {fileID: 0}
    - target: {fileID: 273490683285229580, guid: 05266215c5cae7f4da53670fd2240e10, type: 3}
      propertyPath: m_LocalEulerAnglesHint.y
      value: 0
      objectReference: {fileID: 0}
    - target: {fileID: 273490683285229580, guid: 05266215c5cae7f4da53670fd2240e10, type: 3}
      propertyPath: m_LocalEulerAnglesHint.z
      value: 0
      objectReference: {fileID: 0}
    - target: {fileID: 4772226581514940373, guid: 05266215c5cae7f4da53670fd2240e10, type: 3}
      propertyPath: m_Name
      value: BarrelSound
      objectReference: {fileID: 0}
    - target: {fileID: 4784138505751646785, guid: 05266215c5cae7f4da53670fd2240e10, type: 3}
      propertyPath: m_audioClip
      value: 
      objectReference: {fileID: 0}
    - target: {fileID: 4784138505751646785, guid: 05266215c5cae7f4da53670fd2240e10, type: 3}
      propertyPath: m_PlayOnAwake
      value: 0
      objectReference: {fileID: 0}
    - target: {fileID: 4784138505751646785, guid: 05266215c5cae7f4da53670fd2240e10, type: 3}
      propertyPath: OutputAudioMixerGroup
      value: 
      objectReference: {fileID: 5703038581075659579, guid: 75e460d5be6481d4c9f0dd76bb336bd8, type: 2}
    m_RemovedComponents: []
  m_SourcePrefab: {fileID: 100100000, guid: 05266215c5cae7f4da53670fd2240e10, type: 3}
--- !u!82 &3465074901155389855 stripped
AudioSource:
  m_CorrespondingSourceObject: {fileID: 4784138505751646785, guid: 05266215c5cae7f4da53670fd2240e10, type: 3}
  m_PrefabInstance: {fileID: 8246873615726113758}
  m_PrefabAsset: {fileID: 0}
--- !u!4 &8194692665162146770 stripped
Transform:
  m_CorrespondingSourceObject: {fileID: 273490683285229580, guid: 05266215c5cae7f4da53670fd2240e10, type: 3}
  m_PrefabInstance: {fileID: 8246873615726113758}
  m_PrefabAsset: {fileID: 0}
