%YAML 1.1
%TAG !u! tag:unity3d.com,2011:
--- !u!1 &1360065401097576759
GameObject:
  m_ObjectHideFlags: 0
  m_CorrespondingSourceObject: {fileID: 0}
  m_PrefabInstance: {fileID: 0}
  m_PrefabAsset: {fileID: 0}
  serializedVersion: 6
  m_Component:
  - component: {fileID: 1360065401097576756}
  m_Layer: 0
  m_Name: 2D layer
  m_TagString: Untagged
  m_Icon: {fileID: 0}
  m_NavMeshLayer: 0
  m_StaticEditorFlags: 0
  m_IsActive: 1
--- !u!4 &1360065401097576756
Transform:
  m_ObjectHideFlags: 0
  m_CorrespondingSourceObject: {fileID: 0}
  m_PrefabInstance: {fileID: 0}
  m_PrefabAsset: {fileID: 0}
  m_GameObject: {fileID: 1360065401097576759}
  m_LocalRotation: {x: 0.48098874, y: 0, z: 0, w: 0.8767268}
  m_LocalPosition: {x: 0, y: 2, z: -1.8}
  m_LocalScale: {x: 1, y: 1, z: 1}
  m_ConstrainProportionsScale: 0
  m_Children:
  - {fileID: 1360065401723931814}
  m_Father: {fileID: 1360065401498832982}
  m_RootOrder: 1
  m_LocalEulerAnglesHint: {x: 57.5, y: 0, z: 0}
--- !u!1 &1360065401111687754
GameObject:
  m_ObjectHideFlags: 0
  m_CorrespondingSourceObject: {fileID: 0}
  m_PrefabInstance: {fileID: 0}
  m_PrefabAsset: {fileID: 0}
  serializedVersion: 6
  m_Component:
  - component: {fileID: 1360065401111687755}
  - component: {fileID: 5367814828834453318}
  m_Layer: 0
  m_Name: 3dModel
  m_TagString: Untagged
  m_Icon: {fileID: 0}
  m_NavMeshLayer: 0
  m_StaticEditorFlags: 0
  m_IsActive: 1
--- !u!4 &1360065401111687755
Transform:
  m_ObjectHideFlags: 0
  m_CorrespondingSourceObject: {fileID: 0}
  m_PrefabInstance: {fileID: 0}
  m_PrefabAsset: {fileID: 0}
  m_GameObject: {fileID: 1360065401111687754}
  m_LocalRotation: {x: -0.04773471, y: -0.9308462, z: -0.13165027, w: 0.337513}
  m_LocalPosition: {x: 0, y: 0.5, z: -0.5}
  m_LocalScale: {x: 1, y: 1, z: 1}
  m_ConstrainProportionsScale: 0
  m_Children:
  - {fileID: 6631031390173039571}
  m_Father: {fileID: 1360065401498832982}
  m_RootOrder: 0
  m_LocalEulerAnglesHint: {x: -16.1, y: -140.14, z: 0}
--- !u!114 &5367814828834453318
MonoBehaviour:
  m_ObjectHideFlags: 0
  m_CorrespondingSourceObject: {fileID: 0}
  m_PrefabInstance: {fileID: 0}
  m_PrefabAsset: {fileID: 0}
  m_GameObject: {fileID: 1360065401111687754}
  m_Enabled: 1
  m_EditorHideFlags: 0
  m_Script: {fileID: 11500000, guid: ee0846a6baa6f514abe180dbd2180aa3, type: 3}
  m_Name: 
  m_EditorClassIdentifier: 
--- !u!1 &1360065401498832971
GameObject:
  m_ObjectHideFlags: 0
  m_CorrespondingSourceObject: {fileID: 0}
  m_PrefabInstance: {fileID: 0}
  m_PrefabAsset: {fileID: 0}
  serializedVersion: 6
  m_Component:
  - component: {fileID: 1360065401498832982}
  - component: {fileID: 1360065401498832969}
  - component: {fileID: 8172007737599879884}
  m_Layer: 0
  m_Name: GoldCoin
  m_TagString: Untagged
  m_Icon: {fileID: 0}
  m_NavMeshLayer: 0
  m_StaticEditorFlags: 0
  m_IsActive: 1
--- !u!4 &1360065401498832982
Transform:
  m_ObjectHideFlags: 0
  m_CorrespondingSourceObject: {fileID: 0}
  m_PrefabInstance: {fileID: 0}
  m_PrefabAsset: {fileID: 0}
  m_GameObject: {fileID: 1360065401498832971}
  m_LocalRotation: {x: 0, y: 0, z: 0, w: 1}
  m_LocalPosition: {x: 0, y: 0, z: 0}
  m_LocalScale: {x: 1, y: 1, z: 1}
  m_ConstrainProportionsScale: 0
  m_Children:
  - {fileID: 1360065401111687755}
  - {fileID: 1360065401097576756}
  - {fileID: 8658932429676429527}
  m_Father: {fileID: 0}
  m_RootOrder: 0
  m_LocalEulerAnglesHint: {x: 0, y: 0, z: 0}
--- !u!114 &1360065401498832969
MonoBehaviour:
  m_ObjectHideFlags: 0
  m_CorrespondingSourceObject: {fileID: 0}
  m_PrefabInstance: {fileID: 0}
  m_PrefabAsset: {fileID: 0}
  m_GameObject: {fileID: 1360065401498832971}
  m_Enabled: 1
  m_EditorHideFlags: 0
  m_Script: {fileID: 11500000, guid: 35a8a88cdd39cf749ac30cce205942e4, type: 3}
  m_Name: 
  m_EditorClassIdentifier: 
  _3Dmodel: {fileID: 1360065401111687755}
  _animatorFlightGold: {fileID: 8092741286210103133, guid: 8046f3d11c63cc54abe5440cf35c756c, type: 3}
  _countText: {fileID: 1360065401723931864}
  Count: 0
--- !u!65 &8172007737599879884
BoxCollider:
  m_ObjectHideFlags: 0
  m_CorrespondingSourceObject: {fileID: 0}
  m_PrefabInstance: {fileID: 0}
  m_PrefabAsset: {fileID: 0}
  m_GameObject: {fileID: 1360065401498832971}
  m_Material: {fileID: 0}
  m_IsTrigger: 0
  m_Enabled: 1
  serializedVersion: 2
  m_Size: {x: 1.3348751, y: 1, z: 1.3750064}
  m_Center: {x: 0.008529514, y: 0, z: -0.18750346}
--- !u!1 &1360065401723931867
GameObject:
  m_ObjectHideFlags: 0
  m_CorrespondingSourceObject: {fileID: 0}
  m_PrefabInstance: {fileID: 0}
  m_PrefabAsset: {fileID: 0}
  serializedVersion: 6
  m_Component:
  - component: {fileID: 1360065401723931814}
  - component: {fileID: 1360065401723931865}
  - component: {fileID: 1360065401723931864}
  m_Layer: 0
  m_Name: count
  m_TagString: Untagged
  m_Icon: {fileID: 0}
  m_NavMeshLayer: 0
  m_StaticEditorFlags: 0
  m_IsActive: 1
--- !u!224 &1360065401723931814
RectTransform:
  m_ObjectHideFlags: 0
  m_CorrespondingSourceObject: {fileID: 0}
  m_PrefabInstance: {fileID: 0}
  m_PrefabAsset: {fileID: 0}
  m_GameObject: {fileID: 1360065401723931867}
  m_LocalRotation: {x: 0, y: 0, z: 0, w: 1}
  m_LocalPosition: {x: 0, y: 0, z: 0}
  m_LocalScale: {x: 0.8, y: 0.79999983, z: 0.79999983}
  m_ConstrainProportionsScale: 0
  m_Children: []
  m_Father: {fileID: 1360065401097576756}
  m_RootOrder: 0
  m_LocalEulerAnglesHint: {x: 0, y: 0, z: 0}
  m_AnchorMin: {x: 0.5, y: 0.5}
  m_AnchorMax: {x: 0.5, y: 0.5}
  m_AnchoredPosition: {x: 0.09, y: -0.32}
  m_SizeDelta: {x: 5, y: 5}
  m_Pivot: {x: 0.5, y: 0.5}
--- !u!23 &1360065401723931865
MeshRenderer:
  m_ObjectHideFlags: 0
  m_CorrespondingSourceObject: {fileID: 0}
  m_PrefabInstance: {fileID: 0}
  m_PrefabAsset: {fileID: 0}
  m_GameObject: {fileID: 1360065401723931867}
  m_Enabled: 1
  m_CastShadows: 0
  m_ReceiveShadows: 0
  m_DynamicOccludee: 1
  m_StaticShadowCaster: 0
  m_MotionVectors: 1
  m_LightProbeUsage: 1
  m_ReflectionProbeUsage: 1
  m_RayTracingMode: 2
  m_RayTraceProcedural: 0
  m_RenderingLayerMask: 1
  m_RendererPriority: 0
  m_Materials:
  - {fileID: 1412027622292856694, guid: df6a989a0db93e54c81dcc305dbf17d1, type: 2}
  m_StaticBatchInfo:
    firstSubMesh: 0
    subMeshCount: 0
  m_StaticBatchRoot: {fileID: 0}
  m_ProbeAnchor: {fileID: 0}
  m_LightProbeVolumeOverride: {fileID: 0}
  m_ScaleInLightmap: 1
  m_ReceiveGI: 1
  m_PreserveUVs: 0
  m_IgnoreNormalsForChartDetection: 0
  m_ImportantGI: 0
  m_StitchLightmapSeams: 1
  m_SelectedEditorRenderState: 3
  m_MinimumChartSize: 4
  m_AutoUVMaxDistance: 0.5
  m_AutoUVMaxAngle: 89
  m_LightmapParameters: {fileID: 0}
  m_SortingLayerID: 0
  m_SortingLayer: 0
  m_SortingOrder: 0
  m_AdditionalVertexStreams: {fileID: 0}
--- !u!114 &1360065401723931864
MonoBehaviour:
  m_ObjectHideFlags: 0
  m_CorrespondingSourceObject: {fileID: 0}
  m_PrefabInstance: {fileID: 0}
  m_PrefabAsset: {fileID: 0}
  m_GameObject: {fileID: 1360065401723931867}
  m_Enabled: 1
  m_EditorHideFlags: 0
  m_Script: {fileID: 11500000, guid: 9541d86e2fd84c1d9990edf0852d74ab, type: 3}
  m_Name: 
  m_EditorClassIdentifier: 
  m_Material: {fileID: 0}
  m_Color: {r: 1, g: 1, b: 1, a: 1}
  m_RaycastTarget: 1
  m_RaycastPadding: {x: 0, y: 0, z: 0, w: 0}
  m_Maskable: 1
  m_OnCullStateChanged:
    m_PersistentCalls:
      m_Calls: []
  m_text: 555.12k
  m_isRightToLeft: 0
  m_fontAsset: {fileID: 11400000, guid: df6a989a0db93e54c81dcc305dbf17d1, type: 2}
  m_sharedMaterial: {fileID: 1412027622292856694, guid: df6a989a0db93e54c81dcc305dbf17d1, type: 2}
  m_fontSharedMaterials: []
  m_fontMaterial: {fileID: 0}
  m_fontMaterials: []
  m_fontColor32:
    serializedVersion: 2
    rgba: 4294177779
  m_fontColor: {r: 0.9528302, g: 0.9528302, b: 0.9528302, a: 1}
  m_enableVertexGradient: 0
  m_colorMode: 3
  m_fontColorGradient:
    topLeft: {r: 1, g: 1, b: 1, a: 1}
    topRight: {r: 1, g: 1, b: 1, a: 1}
    bottomLeft: {r: 1, g: 1, b: 1, a: 1}
    bottomRight: {r: 1, g: 1, b: 1, a: 1}
  m_fontColorGradientPreset: {fileID: 0}
  m_spriteAsset: {fileID: 0}
  m_tintAllSprites: 0
  m_StyleSheet: {fileID: 0}
  m_TextStyleHashCode: -1183493901
  m_overrideHtmlColors: 0
  m_faceColor:
    serializedVersion: 2
    rgba: 4294967295
  m_fontSize: 3
  m_fontSizeBase: 3
  m_fontWeight: 400
  m_enableAutoSizing: 0
  m_fontSizeMin: 5
  m_fontSizeMax: 72
  m_fontStyle: 0
  m_HorizontalAlignment: 2
  m_VerticalAlignment: 512
  m_textAlignment: 65535
  m_characterSpacing: 0
  m_wordSpacing: 0
  m_lineSpacing: 0
  m_lineSpacingMax: 0
  m_paragraphSpacing: 0
  m_charWidthMaxAdj: 0
  m_enableWordWrapping: 1
  m_wordWrappingRatios: 0.4
  m_overflowMode: 0
  m_linkedTextComponent: {fileID: 0}
  parentLinkedComponent: {fileID: 0}
  m_enableKerning: 1
  m_enableExtraPadding: 0
  checkPaddingRequired: 0
  m_isRichText: 1
  m_parseCtrlCharacters: 1
  m_isOrthographic: 0
  m_isCullingEnabled: 0
  m_horizontalMapping: 0
  m_verticalMapping: 0
  m_uvLineOffset: 0
  m_geometrySortingOrder: 0
  m_IsTextObjectScaleStatic: 0
  m_VertexBufferAutoSizeReduction: 0
  m_useMaxVisibleDescender: 1
  m_pageToDisplay: 1
  m_margin: {x: 1.1982036, y: -0.21405478, z: 1.3915005, w: 0}
  m_isUsingLegacyAnimationComponent: 0
  m_isVolumetricText: 0
  _SortingLayer: 0
  _SortingLayerID: 0
  _SortingOrder: 0
  m_hasFontAssetChanged: 0
  m_renderer: {fileID: 1360065401723931865}
  m_maskType: 0
--- !u!1001 &6596821929175804984
PrefabInstance:
  m_ObjectHideFlags: 0
  serializedVersion: 2
  m_Modification:
    m_TransformParent: {fileID: 1360065401111687755}
    m_Modifications:
    - target: {fileID: -8679921383154817045, guid: b4ba74eb5198be24a8933c6600d35ee3, type: 3}
      propertyPath: m_RootOrder
      value: 0
      objectReference: {fileID: 0}
    - target: {fileID: -8679921383154817045, guid: b4ba74eb5198be24a8933c6600d35ee3, type: 3}
      propertyPath: m_LocalScale.x
      value: 0.6
      objectReference: {fileID: 0}
    - target: {fileID: -8679921383154817045, guid: b4ba74eb5198be24a8933c6600d35ee3, type: 3}
      propertyPath: m_LocalScale.y
      value: 0.6
      objectReference: {fileID: 0}
    - target: {fileID: -8679921383154817045, guid: b4ba74eb5198be24a8933c6600d35ee3, type: 3}
      propertyPath: m_LocalScale.z
      value: 0.6
      objectReference: {fileID: 0}
    - target: {fileID: -8679921383154817045, guid: b4ba74eb5198be24a8933c6600d35ee3, type: 3}
      propertyPath: m_LocalPosition.x
      value: -0
      objectReference: {fileID: 0}
    - target: {fileID: -8679921383154817045, guid: b4ba74eb5198be24a8933c6600d35ee3, type: 3}
      propertyPath: m_LocalPosition.y
      value: 0
      objectReference: {fileID: 0}
    - target: {fileID: -8679921383154817045, guid: b4ba74eb5198be24a8933c6600d35ee3, type: 3}
      propertyPath: m_LocalPosition.z
      value: 0
      objectReference: {fileID: 0}
    - target: {fileID: -8679921383154817045, guid: b4ba74eb5198be24a8933c6600d35ee3, type: 3}
      propertyPath: m_LocalRotation.w
      value: 0.7071068
      objectReference: {fileID: 0}
    - target: {fileID: -8679921383154817045, guid: b4ba74eb5198be24a8933c6600d35ee3, type: 3}
      propertyPath: m_LocalRotation.x
      value: -0.7071068
      objectReference: {fileID: 0}
    - target: {fileID: -8679921383154817045, guid: b4ba74eb5198be24a8933c6600d35ee3, type: 3}
      propertyPath: m_LocalRotation.y
      value: 0
      objectReference: {fileID: 0}
    - target: {fileID: -8679921383154817045, guid: b4ba74eb5198be24a8933c6600d35ee3, type: 3}
      propertyPath: m_LocalRotation.z
      value: -0
      objectReference: {fileID: 0}
    - target: {fileID: -8679921383154817045, guid: b4ba74eb5198be24a8933c6600d35ee3, type: 3}
      propertyPath: m_LocalEulerAnglesHint.x
      value: 0
      objectReference: {fileID: 0}
    - target: {fileID: -8679921383154817045, guid: b4ba74eb5198be24a8933c6600d35ee3, type: 3}
      propertyPath: m_LocalEulerAnglesHint.y
      value: 0
      objectReference: {fileID: 0}
    - target: {fileID: -8679921383154817045, guid: b4ba74eb5198be24a8933c6600d35ee3, type: 3}
      propertyPath: m_LocalEulerAnglesHint.z
      value: 0
      objectReference: {fileID: 0}
    - target: {fileID: -7511558181221131132, guid: b4ba74eb5198be24a8933c6600d35ee3, type: 3}
      propertyPath: m_CastShadows
      value: 1
      objectReference: {fileID: 0}
    - target: {fileID: -7511558181221131132, guid: b4ba74eb5198be24a8933c6600d35ee3, type: 3}
      propertyPath: m_DynamicOccludee
      value: 1
      objectReference: {fileID: 0}
    - target: {fileID: -7511558181221131132, guid: b4ba74eb5198be24a8933c6600d35ee3, type: 3}
      propertyPath: m_LightProbeUsage
      value: 1
      objectReference: {fileID: 0}
    - target: {fileID: -7511558181221131132, guid: b4ba74eb5198be24a8933c6600d35ee3, type: 3}
      propertyPath: m_Materials.Array.data[0]
      value: 
      objectReference: {fileID: 2100000, guid: 892c58664573f534b853ca242887096d, type: 2}
    - target: {fileID: 919132149155446097, guid: b4ba74eb5198be24a8933c6600d35ee3, type: 3}
      propertyPath: m_Name
      value: Coin
      objectReference: {fileID: 0}
    - target: {fileID: 919132149155446097, guid: b4ba74eb5198be24a8933c6600d35ee3, type: 3}
      propertyPath: m_IsActive
      value: 1
      objectReference: {fileID: 0}
    m_RemovedComponents: []
  m_SourcePrefab: {fileID: 100100000, guid: b4ba74eb5198be24a8933c6600d35ee3, type: 3}
--- !u!4 &6631031390173039571 stripped
Transform:
  m_CorrespondingSourceObject: {fileID: -8679921383154817045, guid: b4ba74eb5198be24a8933c6600d35ee3, type: 3}
  m_PrefabInstance: {fileID: 6596821929175804984}
  m_PrefabAsset: {fileID: 0}
--- !u!1001 &7352892566770081450
PrefabInstance:
  m_ObjectHideFlags: 0
  serializedVersion: 2
  m_Modification:
    m_TransformParent: {fileID: 1360065401498832982}
    m_Modifications:
    - target: {fileID: 2170750413505666685, guid: 6cfad90dac22bae408473944f8b5fb35, type: 3}
      propertyPath: m_RootOrder
      value: 2
      objectReference: {fileID: 0}
    - target: {fileID: 2170750413505666685, guid: 6cfad90dac22bae408473944f8b5fb35, type: 3}
      propertyPath: m_LocalPosition.x
      value: 0
      objectReference: {fileID: 0}
    - target: {fileID: 2170750413505666685, guid: 6cfad90dac22bae408473944f8b5fb35, type: 3}
      propertyPath: m_LocalPosition.y
      value: 0.043
      objectReference: {fileID: 0}
    - target: {fileID: 2170750413505666685, guid: 6cfad90dac22bae408473944f8b5fb35, type: 3}
      propertyPath: m_LocalPosition.z
      value: -0.5
      objectReference: {fileID: 0}
    - target: {fileID: 2170750413505666685, guid: 6cfad90dac22bae408473944f8b5fb35, type: 3}
      propertyPath: m_LocalRotation.w
      value: 1
      objectReference: {fileID: 0}
    - target: {fileID: 2170750413505666685, guid: 6cfad90dac22bae408473944f8b5fb35, type: 3}
      propertyPath: m_LocalRotation.x
      value: -0
      objectReference: {fileID: 0}
    - target: {fileID: 2170750413505666685, guid: 6cfad90dac22bae408473944f8b5fb35, type: 3}
      propertyPath: m_LocalRotation.y
      value: -0
      objectReference: {fileID: 0}
    - target: {fileID: 2170750413505666685, guid: 6cfad90dac22bae408473944f8b5fb35, type: 3}
      propertyPath: m_LocalRotation.z
      value: -0
      objectReference: {fileID: 0}
    - target: {fileID: 2170750413505666685, guid: 6cfad90dac22bae408473944f8b5fb35, type: 3}
      propertyPath: m_LocalEulerAnglesHint.x
      value: 0
      objectReference: {fileID: 0}
    - target: {fileID: 2170750413505666685, guid: 6cfad90dac22bae408473944f8b5fb35, type: 3}
      propertyPath: m_LocalEulerAnglesHint.y
      value: 0
      objectReference: {fileID: 0}
    - target: {fileID: 2170750413505666685, guid: 6cfad90dac22bae408473944f8b5fb35, type: 3}
      propertyPath: m_LocalEulerAnglesHint.z
      value: 0
      objectReference: {fileID: 0}
    - target: {fileID: 3531159715886477927, guid: 6cfad90dac22bae408473944f8b5fb35, type: 3}
      propertyPath: m_Name
      value: Ripples
      objectReference: {fileID: 0}
    m_RemovedComponents: []
  m_SourcePrefab: {fileID: 100100000, guid: 6cfad90dac22bae408473944f8b5fb35, type: 3}
--- !u!4 &8658932429676429527 stripped
Transform:
  m_CorrespondingSourceObject: {fileID: 2170750413505666685, guid: 6cfad90dac22bae408473944f8b5fb35, type: 3}
  m_PrefabInstance: {fileID: 7352892566770081450}
  m_PrefabAsset: {fileID: 0}
